
@booklet{Crane:1999vz,
title = {{The world history of beekeeping and honey hunting}},
author = {Crane, E},
year = {1999},
publisher = {Routledge},
address = {New York, NY}
}
@article{Stort:1974bt,
author = {Stort, Antonio Carlos},
title = {{Genetic Study of Aggressiveness of two Subspecies of Apis Mellifera in Brazil 1. Some Tests to Measure Aggressiveness}},
journal = {Journal of Apicultural Research},
year = {1974},
volume = {13},
number = {1},
pages = {33--38}
}

@article{Schumacher:1995ku,
author = {Schumacher, Michael J and Egen, Ned B},
title = {{Significance of Africanized Bees for Public Health: A Review}},
journal = {Archives of Internal Medicine},
year = {1995},
volume = {155},
number = {19},
pages = {2038--2043},
month = oct
}



@misc{roell:2020, title={Why the term Africanized bees is problematic in a racist society}, url={https://doi.org/10.6084/m9.figshare.12735452.v1}, DOI={10.6084/m9.figshare.12735452.v1}, publisher={figshare}, author={Roell, Ang and Whitehead, Hannah and Van Wyk, Jennifer}, year={2020}, month={Jul}}

@article{Winston:abscond,
author = {Winston, Mark L and Otis, Gard W and Taylor Jr, Orley R},
title = {{Absconding Behaviour of the Africanized Honeybee in South America}},
journal = {Journal of Apicultural Research},
year = {1979},
volume = {18},
number = {2},
pages = {85--94}
}

@article{Chapman:2015kn,
author = {Chapman, Nadine C and Harpur, Brock A and Lim, Julianne and Rinderer, Thomas E and Allsopp, Michael H and Zayed, Amro and Oldroyd, Benjamin P},
title = {{A SNP test to identify Africanized honeybees via proportion of {\textquoteleft}African{\textquoteright} ancestry}},
journal = {Molecular Ecology Resources},
year = {2015},
volume = {15},
number = {6},
pages = {1346--1355},
month = nov
}



@incollection{Tsing:1995wf,
author = {Tsing, A L},
title = {{Empowering nature, or: some gleanings in bee culture}},
booktitle = {Naturalizing Power},
year = {1995},
pages = {113-143},
editor = {Yanagisako, S and Delaney, C},
publisher = {Routledge},
address = {New York, NY}
}

@incollection{Ruttner:Africa,
author = {Ruttner, F},
title = {{Honeybees of Tropical Africa}},
booktitle = {Biogeography and Taxonomy of Honeybees},
year = {1988},
pages = {199–227},
publisher = {Springer},
address = {Berlin},
doi = {10.1007/978-3-642-72649-1_12}
}

@book{Ruttner:Morph,
author = {Ruttner, F},
title = {{Morphometric Analysis and Classification}},
booktitle = {{Biogeography and Taxonomy of Honeybees}},
publisher = {Springer},
year = {1988},
pages = {66–78},
address = {Berlin},
doi = {10.1007/978-3-642-72649-1_6}
}


@misc{Ksiazek:ahb,
title = {{Africanized honey bees}},
author = {Ksiazek, Pawel},
howpublished = {Press release, Zak Gallery},
year = {2007}
}

@article{Adrion:2015ko,
author = {Adrion, Jeffrey R and Hahn, Matthew W and Cooper, Brandon S},
title = {{Revisiting classic clines in Drosophila melanogaster in the age of genomics.}},
journal = {Trends in genetics : TIG},
year = {2015},
volume = {31},
number = {8},
pages = {434--444},
month = aug
}

@article{Powell:2020cr,
author = {Powell, Daniel L and Garc{\'\i}a-Olaz{\'a}bal, Mateo and Keegan, Mackenzie and Reilly, Patrick and Du, Kang and D{\'\i}az-Loyo, Alejandra P and Banerjee, Shreya and Blakkan, Danielle and Reich, David and Andolfatto, Peter and Rosenthal, Gil G and Schartl, Manfred and Schumer, Molly},
title = {{Natural hybridization reveals incompatible alleles that cause melanoma in swordtail fish.}},
journal = {Science},
year = {2020},
volume = {368},
number = {6492},
pages = {731--736},
month = may
}

@article{Bay:2019ep,
author = {Bay, Rachael A and Taylor, Eric B and Schluter, Dolph},
title = {{Parallel introgression and selection on introduced alleles in a native species.}},
journal = {Molecular Ecology},
year = {2019},
volume = {28},
number = {11},
pages = {2802--2813},
month = jun
}

@article{good2000bounded,
  title={Bounded hybrid superiority in an avian hybrid zone: effects of mate, diet, and habitat choice},
  author={Good, Thomas P and Ellis, Julie C and Annett, Cynthia A and Pierotti, Raymond},
  journal={Evolution},
  volume={54},
  number={5},
  pages={1774--1783},
  year={2000},
  publisher={Wiley Online Library}
}

@article{de2014adaptation,
  title={Adaptation and exogenous selection in a Picea glauca $\times$ Picea engelmannii hybrid zone: implications for forest management under climate change},
  author={De La Torre, Amanda R and Wang, Tongli and Jaquish, Barry and Aitken, Sally N},
  journal={New Phytologist},
  volume={201},
  number={2},
  pages={687--699},
  year={2014},
  publisher={Wiley Online Library}
}

@article{currat2008hidden,
  title={The hidden side of invasions: massive introgression by local genes},
  author={Currat, Mathias and Ruedi, Manuel and Petit, Remy J and Excoffier, Laurent},
  journal={Evolution},
  volume={62},
  number={8},
  pages={1908--1920},
  year={2008}
}

@article{buggs2007empirical,
  title={Empirical study of hybrid zone movement},
  author={Buggs, RJA},
  journal={Heredity},
  volume={99},
  number={3},
  pages={301--312},
  year={2007},
  publisher={Nature Publishing Group}
}

@article{Abrahamovich:2015cw,
author = {Abrahamovich, A H and Atela, O and De la R{\'u}a, P and Gali{\'a}n, J},
title = {{Assessment of the mitochondrial origin of honey bees from Argentina}},
journal = {Journal of Apicultural Research},
year = {2015},
volume = {46},
number = {3},
pages = {191--194},
month = mar
}

@article{Agra:2018ef,
author = {Agra, Marcelo Nicolás and Conte, Claudia Alejandra and Corva, Pablo Marcelo and Cladera, Jorge Luis and Lanzavecchia, Silvia Beatriz and Palacio, María Alejandra},
title = {{Molecular characterization of Apis mellifera colonies from Argentina: genotypic admixture associated with ecoclimatic regions and apicultural activities}},
journal = {Entomologia Experimentalis et Applicata},
year = {2018},
volume = {166},
number = {9},
pages = {724--738},
month = sep
}

@misc{USDA:2009,
author = {{USDA Agricultural Research Service}},
title = {{Spread of Africanized honey bees by year, by county}},
year = {2009},
month = mar,
url = {https://www.ars.usda.gov/ARSUserFiles/20220500/New\%20Bee\%20Map09\%20compressed.jpg}
}

@article{Alaux:2009ke,
author = {Alaux, Cédric and Sinha, Saurabh and Hasadsri, Linda and Hunt, Greg J and Guzmán-Novoa, Ernesto and DeGrandi-Hoffman, Gloria and Uribe-Rubio, José Luis and Southey, Bruce R and Rodriguez-Zas, Sandra and Robinson, Gene E},
title = {{Honey bee aggression supports a link between gene regulation and behavioral evolution}},
journal = {Proceedings of the National Academy of Sciences USA},
year = {2009},
volume = {106},
number = {36},
pages = {15400--15405},
month = sep
}

@article{Altschul:1990dw,
author = {Altschul, S F and Gish, W and Miller, W and Myers, E W and Lipman, D J},
title = {{Basic local alignment search tool.}},
journal = {Journal of molecular biology},
year = {1990},
volume = {215},
number = {3},
pages = {403--410},
month = oct,
annote = {BLASTn}
}

@article{Amdam:2005et,
author = {Amdam, G V and Norberg, K and Omholt, S W and Kryger, P and Louren{\c c}o, A P and Bitondi, M M G and Sim{\~o}es, Z L P},
title = {{Higher vitellogenin concentrations in honey bee workers may be an adaptation to life in temperate climates}},
journal = {Insectes Sociaux},
year = {2005},
volume = {52},
number = {4},
pages = {316--319},
month = nov
}

@article{ArechavaletaVelasco:2001kh,
author = {Arechavaleta-Velasco, M E and Guzman-Novoa, E},
title = {{Relative effect of four characteristics that restrain the population growth of the mite Varroa destructor in honey bee (Apis mellifera) colonies}},
journal = {Apidologie},
year = {2001},
volume = {32},
number = {2},
pages = {157--174},
month = jan
}

@article{ArechavaletaVelasco:2012cm,
author = {Arechavaleta-Velasco, Miguel E and Alcala-Escamilla, Karla and Robles-Rios, Carlos and Tsuruda, Jennifer M and Hunt, Greg J},
title = {{Fine-scale linkage mapping reveals a small set of candidate genes influencing honey bee grooming behavior in response to \emph{Varroa} mites}},
journal = {PLoS ONE},
year = {2012},
volume = {7},
number = {11},
pages = {e47269}
}

@article{ArechavaletaVelasco:2003io,
author = {Arechavaleta-Velasco, Miguel E and Hunt, Greg J and Emore, Christine},
title = {{Quantitative trait loci that influence the expression of guarding and stinging behaviors of individual honey bees.}},
journal = {Behavior Genetics},
year = {2003},
volume = {33},
number = {3},
pages = {357--364},
month = may
}

@article{Arias:2005jv,
author = {Arias, Maria C and Sheppard, Walter S},
title = {{Phylogenetic relationships of honey bees (Hymenoptera:Apinae:Apini) inferred from nuclear and mitochondrial DNA sequence data.}},
journal = {Molecular phylogenetics and evolution},
year = {2005},
volume = {37},
number = {1},
pages = {25--35},
month = oct
}

@article{Avalos:2017jb,
author = {Avalos, Arian and Pan, Hailin and Li, Cai and Acevedo-Gonzalez, Jenny P and Rendon, Gloria and Fields, Christopher J and Brown, Patrick J and Giray, Tugrul and Robinson, Gene E and Hudson, Matthew E and Zhang, Guojie},
title = {{A soft selective sweep during rapid evolution of gentle behaviour in an Africanized honeybee}},
journal = {Nature Communications},
year = {2017},
volume = {8},
number = {1},
pages = {351},
month = nov
}

@article{Barton:1983fx,
author = {Barton, N H},
title = {{Multilocus Clines}},
journal = {Evolution},
year = {1983},
volume = {37},
number = {3},
pages = {454},
month = may
}

@article{Barton:1986wp,
author = {Barton, N and Bengtsson, B O},
title = {{The barrier to genetic exchange between hybridising populations.}},
journal = {Heredity},
year = {1986},
volume = {56},
pages = {357--376},
month = feb
}

@article{NHBarton:1985ky,
author = {Barton, N H and Hewitt, G M},
title = {{Analysis of Hybrid Zones}},
journal = {Annual Review of Ecology and Systematics},
year = {1985},
volume = {16},
number = {1},
pages = {113--148}
}

@article{Bazykin:1969eu,
author = {Bazykin, A D},
title = {{Hypothetical Mechanism of Speciation}},
journal = {Evolution},
year = {1969},
volume = {23},
number = {4},
pages = {685--{\&}}
}

@article{Behrens:2011bn,
author = {Behrens, Dieter and Huang, Qiang and Ge{\ss}ner, Cornelia and Rosenkranz, Peter and Frey, Eva and Locke, Barbara and Moritz, Robin F A and Kraus, F B},
title = {{Three QTL in the honey bee Apis mellifera L. suppress reproduction of the parasitic mite Varroa destructor.}},
journal = {Ecology and evolution},
year = {2011},
volume = {1},
number = {4},
pages = {451--458},
month = dec
}

@article{BenShahar:2014fo,
author = {Ben-Shahar, Yehuda},
title = {{A piggyBac route to transgenic honeybees.}},
journal = {Proceedings of the National Academy of Sciences USA},
year = {2014},
volume = {111},
number = {24},
pages = {8708--8709},
month = jun
}

@article{Beye:2006dy,
author = {Beye, M and Gattermeier, I and Hasselmann, M and Gempe, T and Schioett, M and Baines, J F and Schlipalius, D and Mougel, F and Emore, C and Rueppell, O and Sirvio, A and Guzman-Novoa, E and Hunt, G and Solignac, M and Page, R E},
title = {{Exceptionally high levels of recombination across the honey bee genome}},
journal = {Genome Research},
year = {2006},
volume = {16},
number = {11},
pages = {1339--1344},
month = oct
}

@article{Bhatia:2013im,
author = {Bhatia, Gaurav and Patterson, Nick and Sankararaman, Sriram and Price, Alkes L},
title = {{Estimating and interpreting FST: the impact of rare variants.}},
journal = {Genome Research},
year = {2013},
volume = {23},
number = {9},
pages = {1514--1521},
month = sep
}

@article{Bickel:2010cl,
author = {Bickel, Peter J and Boley, Nathan and Brown, James B and Huang, Haiyan and Zhang, Nancy R},
title = {{Subsampling methods for genomic inference}},
journal = {The Annals of Applied Statistics},
year = {2010},
volume = {4},
number = {4},
pages = {1660--1697},
month = dec
}

@article{Bozek:2018br,
author = {Bozek, Katarzyna and Rangel, Juliana and Arora, Jatin and Tin, Mandy and Crotteau, Emily and Loper, Gerald and Fewell, Jennifer and Mikheyev, Alexander},
title = {{Parallel genomic evolution of parasite tolerance in wild honey bee populations}},
journal = {bioRxiv},
year = {2018},
DOI = {10.1101/498436}
}

@article{Chandrasekaran:2015kl,
author = {Chandrasekaran, S and Rittschof, C C and Djukovic, D and Gu, H and Raftery, D and Price, N D and Robinson, G E},
title = {{Aggression is associated with aerobic glycolysis in~the~honey bee brain}},
journal = {Genes, Brain and Behavior},
year = {2015},
volume = {14},
number = {2},
pages = {158--166},
month = mar
}

@article{Chuang:2016hc,
author = {Chuang, Angela and Peterson, Christopher R},
title = {{Expanding population edges: theories, traits, and trade-offs}},
journal = {Global Change Biology},
year = {2016},
volume = {22},
number = {2},
pages = {494--512},
month = feb
}


@article{Clarke:2002uf,
author = {Clarke, Kylea E and Rinderer, Thomas E and Franck, Pierre and Quezada-Eu{\'a}n, Javier G and Oldroyd, Benjamin P},
title = {{The Africanization of honeybees (\emph{Apis mellifera} L.) of the Yucatan: a study of a massive hybridization event across time.}},
journal = {Evolution},
year = {2002},
volume = {56},
number = {7},
pages = {1462--1474},
month = jul
}

@article{Collet:2006gt,
author = {Collet, T and Ferreira, K M and Arias, M C and Soares, A E E and Del Lama, M A},
title = {{Genetic structure of Africanized honeybee populations (\emph{Apis mellifera} L.) from Brazil and Uruguay viewed through mitochondrial DNA COI-COII patterns}},
journal = {Heredity},
year = {2006},
volume = {97},
number = {5},
pages = {329--335},
month = nov
}

@article{CorbettDetig:2017gh,
author = {Corbett-Detig, Russell and Nielsen, Rasmus},
title = {{A Hidden Markov Model Approach for Simultaneously Estimating Local Ancestry and Admixture Time Using Next Generation Sequence Data in Samples of Arbitrary Ploidy.}},
journal = {PLoS Genetics},
year = {2017},
volume = {13},
number = {1},
pages = {e1006529},
month = jan
}

@article{Cridland:2017el,
author = {Cridland, Julie M and Tsutsui, Neil D and Ramírez, Santiago R},
title = {{The complex demographic history and evolutionary origin of the western honey bee, \emph{Apis mellifera}}},
journal = {Genome Biology and Evolution},
year = {2017},
volume = {9},
number = {2},
pages = {457--472},
month = feb
}

@article{Cridland:2018fx,
author = {Cridland, Julie M and Ramírez, Santiago R and Dean, Cheryl A and Sciligo, Amber and Tsutsui, Neil D},
title = {{Genome sequencing of museum specimens reveals rapid changes in the genetic composition of honey bees in California}},
journal = {Genome Biology and Evolution},
year = {2018},
volume = {10},
number = {2},
pages = {458--472},
month = jan
}

@article{Cwynar:1987,
author = {Cwynar, Les C and MacDonald, Glen M},
title = {{Geographical Variation of Lodgepole Pine in Relation to Population History}},
journal = {American Naturalist},
year = {1987},
volume = {129},
number = {3},
pages = {463--469},
month = mar
}




@article{Daly:1978hu,
author = {Daly, H V and Balling, S S},
title = {{Identification of Africanized honeybees in the Western Hemisphere by discriminant analysis}},
journal = {Journal of the Kansas Entomological Society},
year = {1978}
}

@article{Daly:1991de,
author = {Daly, H V and Hoelmer, K and Gambino, P},
title = {{Clinal geographic variation in feral honey bees in California, USA}},
journal = {Apidologie},
year = {1991},
volume = {22},
number = {6},
pages = {591--609}
}

@article{Danka:1987bk,
author = {Danka, R G and Hellmich, R L and Rinderer, T E and Collins, A M},
title = {{Diet-selection ecology of tropically and temperately adapted honey-bees}},
journal = {Animal Behaviour},
year = {1987},
volume = {35},
number = {6},
pages = {1858--1863},
month = dec
}

@article{Danka:1986ex,
author = {Danka, Robert G and Rinderer, Thomas E and Hellmich, Richard L and Collins, Anita M},
title = {{Comparative toxicities of four topically applied insecticides to Africanized and European honey bees (Hymenoptera: Apidae)}},
journal = {Journal of Economic Entomology},
year = {1986},
volume = {79},
number = {1},
pages = {18--21},
month = feb
}

@article{Dekkers:2004gj,
author = {Dekkers, J C M},
title = {{Commercial application of marker- and gene-assisted selection in livestock: strategies and lessons.}},
journal = {Journal of animal science},
year = {2004},
volume = {82 E-Suppl},
pages = {E313--328}
}

@article{Diniz:2003go,
author = {Diniz, Nilza Maria and Soares, Ademilson Espencer Egea and Sheppard, Walter Steve and Del Lama, Marco Antonio},
title = {{Genetic structure of honeybee populations from southern Brazil and Uruguay}},
journal = {Genetics and Molecular Biology},
year = {2003},
volume = {26},
number = {1},
pages = {47--52}
}

@article{Excoffier:2009em,
author = {Excoffier, Laurent and Foll, Matthieu and Petit, R{\'e}my J},
title = {{Genetic consequences of range expansions}},
journal = {Annual Review of Ecology, Evolution, and Systematics},
year = {2009},
volume = {40},
number = {1},
pages = {481--501},
month = dec
}

@article{Excoffier:2005ha,
author = {Excoffier, Laurent and Estoup, Arnaud and Cornuet, Jean Marie},
title = {{Bayesian analysis of an admixture model with mutations and arbitrarily linked markers}},
journal = {Genetics},
year = {2005},
volume = {169},
number = {3},
pages = {1727--1738},
month = mar
}

@article{Fewell:2002ct,
author = {Fewell, Jennifer H and Bertram, Susan M},
title = {{Evidence for genetic variation in worker task performance by African and European honey bees}},
journal = {Behavioral Ecology and Sociobiology},
year = {2002},
volume = {52},
number = {4},
pages = {318--325},
month = sep
}



@article{Fitzpatrick:2010bm,
author = {Fitzpatrick, Benjamin M and Johnson, Jarrett R and Kump, D Kevin and Smith, Jeramiah J and Voss, S Randal and Shaffer, H Bradley},
title = {{Rapid spread of invasive genes into a threatened native species.}},
journal = {Proceedings of the National Academy of Sciences USA},
year = {2010},
volume = {107},
number = {8},
pages = {3606--3610},
month = feb
}

@article{Francoy:2008ec,
author = {Francoy, Tiago Mauricio and Wittmann, Dieter and Drauschke, Martin and M{\"u}ller, Stefan and Steinhage, Volker and Bezerra-Laure, Marcela A F and De Jong, David and Gon{\c c}alves, Lionel Segui},
title = {{Identification of Africanized honey bees through wing morphometrics: two fast and efficient procedures}},
journal = {Apidologie},
year = {2008},
volume = {39},
number = {5},
pages = {488--494},
month = oct
}

@article{GalindoCardona:2013hs,
author = {Galindo-Cardona, Alberto and Acevedo-Gonzalez, Jenny P and Rivera-Marchand, Bert and Giray, Tugrul},
title = {{Genetic structure of the gentle Africanized honey bee population (gAHB) in Puerto Rico}},
journal = {BMC genetics},
year = {2013},
volume = {14},
number = {1},
pages = {65},
month = aug
}

@article{Gibson:2015fu,
author = {Gibson, Joshua D and Arechavaleta-Velasco, Miguel E and Tsuruda, Jennifer M and Hunt, Greg J},
title = {{Biased Allele Expression and Aggression in Hybrid Honeybees may be Influenced by Inappropriate Nuclear-Cytoplasmic Signaling}},
journal = {Frontiers in Genetics},
year = {2015},
volume = {6},
number = {e47269},
pages = {343}
}

@article{Gompert:2017fl,
author = {Gompert, Zachariah and Mandeville, Elizabeth G and Buerkle, C Alex},
title = {{Analysis of Population Genomic Data from Hybrid Zones}},
journal = {Annual Review of Ecology, Evolution, and Systematics},
year = {2017},
volume = {48},
number = {1},
pages = {207--229},
month = aug
}

@article{Goulson:2015er,
author = {Goulson, Dave and Nicholls, Elizabeth and Bot{\'\i}as, Cristina and Rotheray, Ellen L},
title = {{Bee declines driven by combined stress from parasites, pesticides, and lack of flowers}},
journal = {Science},
year = {2015},
volume = {347},
number = {6229},
pages = {1255957--1255957},
month = mar
}

@article{Grinde:2019bi,
author = {Grinde, Kelsey E and Brown, Lisa A and Reiner, Alexander P and Thornton, Timothy A and Browning, Sharon R},
title = {{Genome-wide significance thresholds for admixture mapping studies.}},
journal = {American Journal of Human Genetics},
year = {2019},
volume = {104},
number = {3},
pages = {454--465},
month = mar
}


@article{Guerra:2000eh,
author = {Guerra, JCV and Goncalves, L S and De Jong, D},
title = {{Africanized honey bees (Apis mellifera L.) are more efficient at removing worker brood artificially infested with the parasitic mite Varroa jacobsoni Oudemans than are Italian bees or Italian/Africanized hybrids}},
journal = {Genetics and Molecular Biology},
year = {2000},
volume = {23},
number = {1},
pages = {89--92},
month = mar
}

@article{GuzmanNovoa:1999bu,
author = {Guzman-Novoa, E and Vandame, R and Arechavaleta, M E},
title = {{Susceptibility of European and Africanized honey bees (Apis mellifera L.) to Varroa jacobsoni Oud. in Mexico}},
journal = {Apidologie},
year = {1999},
volume = {30},
number = {2-3},
pages = {173--182}
}

@article{GuzmanNovoa:2012em,
author = {Guzm{\'a}n-Novoa, Ernesto and Emsen, Berna and Unger, Peter and Espinosa-Monta{\~n}o, Laura G and Petukhova, Tatiana},
title = {{Genotypic variability and relationships between mite infestation levels, mite damage, grooming intensity, and removal of \emph{Varroa destructor} mites in selected strains of worker honey bees (\emph{Apis mellifera} L.)}},
journal = {Journal of Invertebrate Pathology},
year = {2012},
volume = {110},
number = {3},
pages = {314--320},
month = jul
}

@article{Hamiduzzaman:2017gt,
author = {Hamiduzzaman, Mollah Md and Emsen, Berna and Hunt, Greg J and Subramanyam, Subhashree and Williams, Christie E and Tsuruda, Jennifer M and Guzm{\'a}n-Novoa, Ernesto},
title = {{Differential gene expression associated with honey bee grooming behavior in response to \emph{Varroa} mites.}},
journal = {Behavior Genetics},
year = {2017},
volume = {47},
number = {3},
pages = {335--344},
month = may
}

@article{Harpur:2014ei,
author = {Harpur, Brock A and Kent, Clement F and Molodtsova, Daria and Lebon, Jonathan M D and Alqarni, Abdulaziz S and Owayss, Ayman A and Zayed, Amro},
title = {{Population genomics of the honey bee reveals strong signatures of positive selection on worker traits}},
journal = {Proceedings of the National Academy of Sciences USA},
year = {2014},
volume = {111},
number = {7},
pages = {2614--2619},
month = feb
}

@article{Harpur:2012ef,
author = {Harpur, Brock A and Minaei, Shermineh and Kent, Clement F and Zayed, Amro},
title = {{Management increases genetic diversity of honey bees via admixture}},
journal = {Molecular Ecology},
year = {2012},
volume = {21},
number = {18},
pages = {4414--4421},
month = sep
}

@article{Harpur:2017dz,
author = {Harpur, Brock A},
title = {{Adaptive maintenance of European alleles in the Brazilian Africanized honeybee}},
journal = {Molecular Ecology},
year = {2017},
volume = {26},
number = {14},
pages = {3591--3593},
month = jul
}

@misc{Harpur:HuntMarkers,
title = {{Hunt honey bee markers}},
author = {Harpur, Brock},
howpublished = {Dryad},
month = apr,
year = {2020},
url = {https://doi.org/10.5061/dryad.ns1rn8ppp}
}

@article{Harris:2014hp,
author = {Harris, I and Jones, P D and Osborn, T J and Lister, D H},
title = {{Updated high-resolution grids of monthly climatic observations {\textendash} the CRU TS3.10 Dataset}},
journal = {International Journal of Climatology},
year = {2014},
volume = {34},
number = {3},
pages = {623--642},
month = mar
}

@article{Harrison:2006gk,
author = {Harrison, J F and Fewell, J H and Anderson, K E and Loper, G M},
title = {{Environmental physiology of the invasion of the Americas by Africanized honeybees}},
journal = {Integrative and Comparative Biology},
year = {2006},
volume = {46},
number = {6},
pages = {1110--1122},
month = oct
}

@article{Hijmans:2005ke,
author = {Hijmans, R J and Cameron, S E and Parra, J L and Jones, P G and Jarvis, A},
title = {{Very high resolution interpolated climate surfaces for global land areas}},
journal = {International Journal of Climatology},
year = {2005},
volume = {25},
number = {15},
pages = {1965--1978},
month = dec
}

@article{Hill:1999di,
author = {Hill, J K and Thomas, C D and Blakeley, D S},
title = {{Evolution of flight morphology in a butterfly that has recently expanded its geographic range}},
journal = {Oecologia},
year = {1999},
volume = {121},
number = {2},
pages = {165--170},
month = nov
}

@article{Hodgson:2014iq,
author = {Hodgson, Jason A and Pickrell, Joseph K and Pearson, Laurel N and Quillen, Ellen E and Prista, Ant{\'o}nio and Rocha, Jorge and Soodyall, Himla and Shriver, Mark D and Perry, George H},
title = {{Natural selection for the Duffy-null allele in the recently admixed people of Madagascar.}},
journal = {Proceedings. Biological sciences},
year = {2014},
volume = {281},
pages = {20140930},
month = aug
}

@article{Huang:2009gk,
author = {Huang, Da Wei and Sherman, Brad T and Lempicki, Richard A},
title = {{Systematic and integrative analysis of large gene lists using DAVID bioinformatics resources}},
journal = {Nature Protocols},
year = {2009},
volume = {4},
number = {1},
pages = {44--57},
month = jan
}

@article{Huang:2013be,
author = {Huang, Qiang and Kryger, Per and Le Conte, Yves and Lattorff, H Michael G and Kraus, F Bernhard and Moritz, Robin F A},
title = {{Four quantitative trait loci associated with low \emph{Nosema ceranae} (Microsporidia) spore load in the honeybee \emph{Apis mellifera}}},
journal = {Apidologie},
year = {2013},
volume = {45},
number = {2},
pages = {248--256},
month = oct
}

@article{Hufford:2013im,
author = {Hufford, Matthew B and Lubinksy, Pesach and Pyh{\"a}j{\"a}rvi, Tanja and Devengenzo, Michael T and Ellstrand, Norman C and Ross-Ibarra, Jeffrey},
title = {{The genomic signature of crop-wild introgression in maize}},
journal = {PLoS Genetics},
year = {2013},
volume = {9},
number = {5},
pages = {e1003477},
month = may
}

@article{Hunt:2003gt,
author = {Hunt, Greg J and Guzm{\'a}n-Novoa, Ernesto and Uribe-Rubio, Jos{\'e} L and Prieto-Merlos, Daniel},
title = {{Genotype{\textendash}environment interactions in honeybee guarding behaviour}},
journal = {Animal Behaviour},
year = {2003},
volume = {66},
number = {3},
pages = {459--467},
month = sep
}

@article{Hunt:2007im,
author = {Hunt, Greg J and Amdam, Gro V and Schlipalius, David and Emore, Christine and Sardesai, Nagesh and Williams, Christie E and Rueppell, Olav and Guzm{\'a}n-Novoa, Ernesto and Arechavaleta-Velasco, Miguel and Chandra, Sathees and Fondrk, M Kim and Beye, Martin and Page, Robert E},
title = {{Behavioral genomics of honeybee foraging and nest defense}},
journal = {Die Naturwissenschaften},
year = {2007},
volume = {94},
number = {4},
pages = {247--267},
month = apr
}

@article{Hunt:1998th,
author = {Hunt, G J and Guzman-Novoa, E and Fondrk, M K and Page, R E},
title = {{Quantitative trait loci for honey bee stinging behavior and body size}},
journal = {Genetics},
year = {1998},
volume = {148},
number = {3},
pages = {1203--1213},
month = mar
}

@article{Invernizzi:2016ge,
author = {Invernizzi, Ciro and Zefferino, Ignacio and Santos, Estela and S{\'a}nchez, Luc{\'\i}a and Mendoza, Yamand{\'u}},
title = {{Multilevel assessment of grooming behavior against Varroa destructorin Italian and Africanized honey bees}},
journal = {Journal of Apicultural Research},
year = {2016},
volume = {54},
number = {4},
pages = {321--327},
month = may
}

@article{Ji:2014kp,
author = {Ji, T and Yin, L and Liu, Z and Liang, Q and Luo, Y and Shen, J and Shen, F},
title = {{Transcriptional responses in eastern honeybees (\emph{Apis cerana}) infected with mites, \emph{Varroa destructor}}},
journal = {Genetics and Molecular Research},
year = {2014},
volume = {13},
number = {4},
pages = {8888--8900}
}

@article{Jones:2019wg,
author = {Jones, Julia C and Wallberg, Andreas and Christmas, Matthew J and Kapheim, Karen M and Webster, Matthew T and Singh, Nadia},
title = {{Extreme differences in recombination rate between the genomes of a solitary and a social bee}},
journal = {Molecular Biology and Evolution},
year = {2019},
volume = {36},
number = {10},
pages = {2277--2291},
month = may
}

@article{Kadri:2016eg,
author = {Kadri, Samir M and Harpur, Brock A and Orsi, Ricardo O and Zayed, Amro},
title = {{A variant reference data set for the Africanized honeybee, Apis mellifera}},
journal = {Scientific Data},
year = {2016},
volume = {3},
pages = {160097},
month = nov
}

@article{Kawakami:2019bf,
author = {Kawakami, Takeshi and Wallberg, Andreas and Olsson, Anna and Wintermantel, Dimitry and de Miranda, Joachim R and Allsopp, Mike and Rundl{\"o}f, Maj and Webster, Matthew T},
title = {{Substantial heritable variation in recombination rate on multiple scales in honeybees and bumblebees}},
journal = {Genetics},
year = {2019},
pages = {genetics.302008.2019},
month = may
}

@article{Kent:2013dp,
author = {Kent, Clement F and Zayed, Amro},
title = {{Evolution of recombination and genome structure in eusocial insects}},
journal = {Communicative {\&} Integrative Biology},
year = {2013},
volume = {6},
number = {2},
pages = {e22919},
month = mar
}

@article{Kent:1988il,
author = {Kent, Robert B},
title = {{The introduction and diffusion of the African honeybee in South America}},
journal = {Yearbook of the Association of Pacific Coast Geographers},
year = {1988},
volume = {50},
number = {1},
pages = {21--43}
}


@article{Kohno:2016dd,
author = {Kohno, Hiroki and Suenami, Shota and Takeuchi, Hideaki and Sasaki, Tetsuhiko and Kubo, Takeo},
title = {{Production of knockout mutants by CRISPR/Cas9 in the European honeybee, \emph{Apis mellifera} L.}},
journal = {Zoological science},
year = {2016},
volume = {33},
number = {5},
pages = {505--512},
month = oct
}

@article{Kono:2015fi,
author = {Kono, Yoshiaki and Kohn, Joshua R},
title = {{Range and frequency of Africanized honey bees in California (USA)}},
journal = {PLoS ONE},
year = {2015},
volume = {10},
number = {9},
pages = {e0137407},
month = sep
}

@article{Korneliussen:2014cx,
author = {Korneliussen, Thorfinn Sand and Albrechtsen, Anders and Nielsen, Rasmus},
title = {{ANGSD: Analysis of Next Generation Sequencing Data}},
journal = {BMC bioinformatics},
year = {2014},
volume = {15},
number = {1},
pages = {356},
month = dec
}

@article{Kraus:2007be,
author = {Kraus, F B and Franck, P and Vandame, R},
title = {{Asymmetric introgression of African genes in honeybee populations (\emph{Apis mellifera} L.) in Central Mexico}},
journal = {Heredity},
year = {2007},
volume = {99},
number = {2},
pages = {233--240},
month = may
}

@article{Kruuk:1999ur,
author = {Kruuk, L E and Baird, S J and Gale, K S and Barton, N H},
title = {{A comparison of multilocus clines maintained by environmental adaptation or by selection against hybrids.}},
journal = {Genetics},
year = {1999},
volume = {153},
number = {4},
pages = {1959--1971},
month = dec
}

@article{Langmead:2012jh,
author = {Langmead, Ben and Salzberg, Steven L},
title = {{Fast gapped-read alignment with Bowtie 2}},
journal = {Nature methods},
year = {2012},
volume = {9},
number = {4},
pages = {357--359},
month = mar
}

@article{Lin:2018ha,
author = {Lin, Wei and McBroome, Jakob and Rehman, Mahwish and Johnson, Brian R},
title = {{Africanized bees extend their distribution in California}},
journal = {PLoS ONE},
year = {2018},
volume = {13},
number = {1},
pages = {e0190604}
}

@article{Liu:2015iw,
author = {Liu, Haoxuan and Zhang, Xiaohui and Huang, Ju and Chen, Jian-Qun and Tian, Dacheng and Hurst, Laurence D and Yang, Sihai},
title = {{Causes and consequences of crossing-over evidenced via a high-resolution recombinational landscape of the honey bee}},
journal = {Genome biology},
year = {2015},
volume = {16},
number = {1},
pages = {15},
month = jan 
}

@article{Lobo:1989bl,
author = {Lobo, Jorge A and Lama, M A Del and Mestriner, M A},
title = {{Population differentiation and racial admixure inthe Africanized honeybee (\emph{Apis mellifera} L.)}},
journal = {Evolution},
year = {1989},
volume = {43},
number = {4},
pages = {794--802},
month = jul
}

@article{Long:1991tr,
author = {Long, J C},
title = {{The genetic structure of admixed populations.}},
journal = {Genetics},
year = {1991},
volume = {127},
number = {2},
pages = {417--428},
month = feb
}

@incollection{Loper:1999vi,
author = {Loper, G M and Fewell, J and Smith, D R and Sheppard, Walter Steve and Schiff, N},
title = {{Changes in the genetics of a population of feral honey bees (Apis mellifera L.) in S. Arizona after the impact of tracheal mites (Acarapis woodi), Varroa mites (Varroa jacobsoni) and Africanization.}},
booktitle = {Apiculture for the 21st Century},
year = {1999},
editor = {Hoopingarner, R and Connor, L},
pages = {47--51},
publisher = {Wicwas},
address = {Cheshire, CT}
}

@article{McDonnell:2013ej,
author = {McDonnell, Cynthia M and Alaux, C{\'e}dric and Parrinello, Hugues and Desvignes, Jean-Pierre and Crauser, Didier and Durbesson, Emma and Beslay, Dominique and Le Conte, Yves},
title = {{Ecto- and endoparasite induce similar chemical and brain neurogenomic responses in the honey bee ( Apis mellifera )}},
journal = {BMC Ecology},
year = {2013},
volume = {13},
number = {1},
pages = {1--15},
month = dec
}

@article{MedinaFlores:2014fh,
author = {Medina-Flores, C A and Guzman-Novoa, E and Hamiduzzaman, M M and Ar{\'e}chiga-Flores, C F and L{\'o}pez-Carlos, M A},
title = {{Africanized honey bees (\emph{Apis mellifera}) have low infestation levels of the mite Varroa destructor in different ecological regions in Mexico}},
journal = {Genetics and Molecular Research},
year = {2014},
volume = {13},
number = {3},
pages = {7282--7293}
}

@article{Meisner:2018fq,
author = {Meisner, Jonas and Albrechtsen, Anders},
title = {{Inferring Population Structure and Admixture Proportions in Low-Depth NGS Data.}},
journal = {Genetics},
year = {2018},
volume = {210},
number = {2},
pages = {719--731},
month = oct
}

@article{Miller:2011en,
author = {Miller, Christopher A and Hampton, Oliver and Coarfa, Cristian and Milosavljevic, Aleksandar},
title = {{ReadDepth: A Parallel R Package for Detecting Copy Number Alterations from Short Sequencing Reads}},
journal = {PLoS ONE},
year = {2011},
volume = {6},
number = {1},
pages = {e16327}
}


@article{Moretto:1999jx,
author = {Moretto, G and de Mello, L J},
title = {{Varroa jacobsoni infestation of adult Africanized and Italian honey bees (Apis mellifera) in mixed colonies in Brazil}},
journal = {Genetics and Molecular Biology},
year = {1999},
volume = {22},
number = {3},
pages = {321--323},
month = sep
}

@article{Navajas:2008fv,
author = {Navajas, M and Migeon, A and Alaux, C and Martin-Magniette, Ml and Robinson, Ge and Evans, Jd and Cros-Arteil, S and Crauser, D and Le Conte, Y},
title = {{Differential gene expression of the honey bee Apis mellifera associated with \emph{Varroa destructor} infection}},
journal = {BMC Genomics},
year = {2008},
volume = {9},
number = {1},
pages = {301},
month = jun
}

@article{Nelson:2017cj,
author = {Nelson, Ronald M and Wallberg, Andreas and Sim{\~o}es, Zil{\'a} Luz Paulino and Lawson, Daniel J and Webster, Matthew T},
title = {{Genome-wide analysis of admixture and adaptation in the Africanized honeybee}},
journal = {Molecular Ecology},
year = {2017},
volume = {26},
pages = {3603--3617},
month = apr
}

@article{Oxley:2010dw,
author = {Oxley, Peter R and Spivak, Marla and Oldroyd, Benjamin P},
title = {{Six quantitative trait loci influence task thresholds for hygienic behaviour in honeybees (\emph{Apis mellifera})}},
journal = {Molecular Ecology},
year = {2010},
volume = {19},
number = {7},
pages = {1452--1461},
month = apr
}

@article{Pankiw:2003dd,
author = {Pankiw, Tanya},
title = {{Directional change in a suite of foraging behaviors in tropical and temperate evolved honey bees (\emph{Apis mellifera }L.)}},
journal = {Behavioral Ecology and Sociobiology},
year = {2003},
volume = {54},
number = {5},
pages = {458--464},
month = sep
}

@article{Phillips:2006dc,
author = {Phillips, Benjamin L and Brown, Gregory P and Webb, Jonathan K and Shine, Richard},
title = {{Invasion and the evolution of speed in toads}},
journal = {Nature},
year = {2006},
volume = {439},
number = {7078},
pages = {803--803},
month = feb
}

@article{Pinto:2005ep,
author = {Pinto, M Alice and Rubink, William L and Patton, John C and Coulson, Robert N and Johnston, J Spencer},
title = {{Africanization in the United States: replacement of feral European honeybees (\emph{Apis mellifera} L.) by an African hybrid swarm.}},
journal = {Genetics},
year = {2005},
volume = {170},
number = {4},
pages = {1653--1665},
month = aug
}

@article{Rinderer:86a,
author = {Rinderer, Thomas E and Sylvester, H Allen and Brown, Michael A and Villa, Jose D and Pesante, Daniel and Collins, Anita M},
title = {{Field and simplified techniques for identifying Africanized and European honey bees}},
journal = {Apidologie},
year = {1986},
volume = {17},
number = {1},
pages = {13--48},

}

@article{Rinderer:1987bf,
author = {Rinderer, Thomas E and Sylvester, H Allen and Buco, Steven M and Lancaster, Vicki A and Herbert, Elton W and Collins, Anita M and Hellmich, Richard L and Davis, G Lorraine and Winfrey, Daniel},
title = {{Improved simple techniques for identifying Africanized and European honey bees}},
journal = {Apidologie},
year = {1987},
volume = {18},
number = {2},
pages = {179--196}
}

@article{RiveraMarchand:2012gn,
author = {Rivera-Marchand, Bert and Oskay, Devrim and Giray, Tugrul},
title = {{Gentle Africanized bees on an oceanic island.}},
journal = {Evolutionary applications},
year = {2012},
volume = {5},
number = {7},
pages = {746--756},
month = nov
}

@article{Ross:2015cn,
author = {Ross, Caitlin R and DeFelice, Dominick S and Hunt, Greg J and Ihle, Kate E and Amdam, Gro V and Rueppell, Olav},
title = {{Genomic correlates of recombination rate and its variability across eight recombination maps in the western honey bee (\emph{Apis mellifera }L.)}},
journal = {BMC Genomics},
year = {2015},
volume = {16},
number = {1},
pages = {107},
month = feb
}

@article{Rowan:2019ca,
author = {Rowan, Beth A and Heavens, Darren and Feuerborn, Tatiana R and Tock, Andrew J and Henderson, Ian R and Weigel, Detlef},
title = {{An ultra high-density Arabidopsis thaliana crossover map that refines the influences of structural variation and epigenetic features}},
journal = {Genetics},
year = {2019},
volume = {213},
number = {3},
pages = {771--787},
month = nov
}

@article{Rueppell:2009ep,
author = {Rueppell, Olav},
title = {{Characterization of quantitative trait loci for the age of first foraging in honey bee workers}},
journal = {Behavior Genetics},
year = {2009},
volume = {39},
number = {5},
pages = {541--553},
month = may
}


@article{Harpur:2020,
author = {Harpur, Brock A and Kadri, Samir M and Orsi, Ricardo O and Whitfield, Charles W and Zayed, Amro},
title = {{Defense response in Brazilian honey bees (Apis mellifera scutellata x spp.) is underpinned by complex patterns of admixture}},
journal = {Genome Biology and Evolution},
year = {2020},
month = jun
}

@article{Collins:1982cd,
author = {Collins, Anita M and Rinderer, Thomas E and Harbo, John R and Bolten, Alan B},
title = {{Colony Defense by Africanized and European Honey Bees}},
journal = {Science},
year = {1982},
volume = {218},
number = {4567},
pages = {72--74},
month = oct
}


@article{Schneider:2004fe,
author = {Schneider, Stanley Scott  and DeGrandi-Hoffman, Gloria  and Smith, Deborah Roan},
title = {{The African honey bee: Factors contributing to a successful biological invasion}},
journal = {Annual Review Entomology},
year = {2004},
volume = {49},
number = {1},
pages = {351--376},
month = dec
}

@article{Schulte:2014in,
author = {Schulte, Christina and Theilenberg, Eva and M{\"u}ller-Borg, Marion and Gempe, Tanja and Beye, Martin},
title = {{Highly efficient integration and expression of piggyBac-derived cassettes in the honeybee (\emph{Apis mellifera}).}},
journal = {Proceedings of the National Academy of Sciences USA},
year = {2014},
volume = {111},
number = {24},
pages = {9003--9008},
month = jun
}

@article{SequencingConsortium:2006ce,
author = {{Honeybee Genome Sequencing Consortium}},
title = {{Insights into social insects from the genome of the honeybee \emph{Apis mellifera}}},
journal = {Nature},
year = {2006},
volume = {444},
number = {7118},
pages = {512--512},
month = nov
}

@article{Shelomi:2012il,
author = {Shelomi, Matan},
title = {{Where are we now? Bergmann's rule sensu lato in insects.}},
journal = {The American Naturalist},
year = {2012},
volume = {180},
number = {4},
pages = {511--519},
month = oct
}

@article{Sheppard:1991ep,
author = {Sheppard, Walter S and Rinderer, Thomas E and Mazzoli, Julio A and Stelzer, J Anthony and Shimanuki, Hachiro},
title = {{Gene flow between African- and European-derived honey bee populations in Argentina}},
journal = {Nature},
year = {1991},
volume = {349},
number = {6312},
pages = {782--784},
month = feb
}

@article{Sheppard:2000hf,
author = {Sheppard, Walter S and Smith, Deborah R},
title = {{Identification of African-derived bees in the Americas: A survey of methods}},
journal = {Annals of the Entomological Society of America},
year = {2000},
volume = {93},
number = {2},
pages = {159--176},
month = mar
}

@book{Siegmund:2007vx,
author = {Siegmund, David and Yakir, Benjamin},
title = {{The Statistics of Gene Mapping}},
publisher = {Springer Science {\&} Business Media},
year = {2007},
month = may
}

@article{Simmons:2015bh,
author = {Simmons, Adam D and Thomas, Chris D},
title = {{Changes in Dispersal during Species{\textquoteright} Range Expansions}},
journal = {American Naturalist},
year = {2015},
volume = {164},
number = {3},
pages = {378--395},
month = jul
}



@article{Skotte:2013fk,
author = {Skotte, Line and Korneliussen, Thorfinn Sand and Albrechtsen, Anders},
title = {{Estimating individual admixture proportions from next generation sequencing data.}},
journal = {Genetics},
year = {2013},
volume = {195},
number = {3},
pages = {693--702},
month = nov
}

@article{Solignac:2007dh,
author = {Solignac, Michel and Mougel, Florence and Vautrin, Dominique and Monnerot, Monique and Cornuet, Jean Marie},
title = {{A third-generation microsatellite-based linkage map of the honey bee, Apis mellifera, and its comparison with the sequence-based physical map.}},
journal = {Genome biology},
year = {2007},
volume = {8},
number = {4},
pages = {R66}
}

@article{Southwick:1990cq,
author = {Southwick, E E and Roubik, D W and Williams, J M},
title = {{Comparative energy balance in groups of Africanized and European honey bees: ecological implications.}},
journal = {Comparative Biochemistry and Physiology},
year = {1990},
volume = {97},
number = {1},
pages = {1--7}
}

@article{Spotter:2016ct,
author = {Sp{\"o}tter, Andreas and Gupta, Pooja and Mayer, Manfred and Reinsch, Norbert and Bienefeld, Kaspar},
title = {{Genome-wide association study of a \emph{Varroa}-specific defense behavior in honeybees (\emph{Apis mellifera})}},
journal = {Journal of Heredity},
year = {2016},
volume = {107},
number = {3},
pages = {220--227},
month = mar
}

@article{Spotter:2012dx,
author = {Sp{\"o}tter, A and Gupta, P and Nuernberg, G and Reinsch, N and Bienefeld, K},
title = {{Development of a 44K SNP assay focussing on the analysis of a varroa-specific defence behaviour in honey bees (\emph{Apis mellifera carnica})}},
journal = {Molecular Ecology Resources},
year = {2012},
volume = {12},
number = {2},
pages = {323--332},
month = mar
}

@article{Stabentheiner:2012iz,
author = {Stabentheiner, Anton and Kovac, Helmut and Hetz, Stefan K and K{\"a}fer, Helmut and Stabentheiner, Gabriel},
title = {{Assessing honeybee and wasp thermoregulation and energetics-New insights by combination of flow-through respirometry with infrared thermography.}},
journal = {Thermochimica acta},
year = {2012},
volume = {534},
pages = {77--86},
month = apr
}

@article{Surlis:2018cb,
author = {Surlis, Carla and Carolan, James C and Coffey, Mary and Kavanagh, Kevin},
title = {{Quantitative proteomics reveals divergent responses in Apis mellifera worker and drone pupae to parasitization by Varroa destructor}},
journal = {Journal of Insect Physiology},
year = {2018},
volume = {107},
pages = {291--301},
month = may
}


@article{Szymura:1986cm,
author = {Szymura, Jacek M and Barton, Nicholas H},
title = {{Genetic analysis of a hybrid zone between the fire-bellied toads, Bombina bombina and B. variegata, near Cracow in southern Poland}},
journal = {Evolution},
year = {1986},
volume = {40},
number = {6},
pages = {1141},
month = nov
}

@article{Szymura:1991ia,
author = {Szymura, Jacek M and Barton, Nicholas H},
title = {{The genetic structure of the hybrid zone between the fire-bellied toads Bombina bombina and B. variegata: Comparisons between transects and between loci}},
journal = {Evolution},
year = {1991},
volume = {45},
number = {2},
pages = {237},
month = mar
}

@article{Tavares:2018gi,
author = {Tavares, Hugo and Whibley, Annabel and Field, David L and Bradley, Desmond and Couchman, Matthew and Copsey, Lucy and Elleouet, Joane and Burrus, Monique and Andalo, Christophe and Li, Miaomiao and Li, Qun and Xue, Yongbiao and Rebocho, Alexandra B and Barton, Nicolas H and Coen, Enrico},
title = {{Selection and gene flow shape genomic islands that control floral guides.}},
journal = {Proceedings of the National Academy of Sciences USA},
year = {2018},
volume = {5},
pages = {201801832},
month = oct
}

@article{TaylorJr:1984vg,
author = {Taylor Jr, O R and Spivak, M},
title = {{Climatic limits of tropical African honeybees in the Americas}},
journal = {Bee World},
year = {1984},
volume = {65},
number = {1},
pages = {38--47}
}

@article{Taylor:2015dq,
author = {Taylor, Scott A and Larson, Erica L and Harrison, Richard G},
title = {{Hybrid zones: windows on climate change.}},
journal = {Trends in Ecology {\&} Evolution},
year = {2015},
volume = {30},
number = {7},
pages = {398--406},
month = jul
}

@article{Teeter:2008ih,
author = {Teeter, Katherine C and Payseur, Bret A and Harris, Leslie W and Bakewell, Margaret A and Thibodeau, Lisa M and O{\textquoteright}Brien, Janelle E and Krenz, James G and Sans-Fuentes, Maria A and Nachman, Michael W and Tucker, Priscilla K},
title = {{Genome-wide patterns of gene flow across a house mouse hybrid zone}},
journal = {Genome Research},
year = {2008},
volume = {18},
number = {1},
pages = {67--76},
month = jan
}

@article{Thornton:2012kz,
author = {Thornton, Timothy and Tang, Hua and Hoffmann, Thomas J and Ochs-Balcom, Heather M and Caan, Bette J and Risch, Neil},
title = {{Estimating Kinship in Admixed Populations}},
journal = {The American Journal of Human Genetics},
year = {2012},
volume = {91},
number = {1},
pages = {122--138},
month = jul
}

@article{Tsuruda:2012fa,
author = {Tsuruda, Jennifer M and Harris, Jeffrey W and Bourgeois, Lanie and Danka, Robert G and Hunt, Greg J},
title = {{High-resolution linkage analyses to identify genes that influence \emph{Varroa} sensitive hygiene behavior in honey bees.}},
journal = {PLoS ONE},
year = {2012},
volume = {7},
number = {11},
pages = {e48276}
}


@article{Vandame:2002kx,
author = {Vandame, R and Morand, S and Colin, M E and Belzunces, L P},
title = {{Parasitism in the social bee Apis mellifera: quantifying costs and benefits of behavioral resistance to Varroa destructor mites}},
journal = {Apidologie},
year = {2002},
volume = {33},
number = {5},
pages = {433--445}
}

@article{Villa:1991bp,
author = {Villa, Jose D and Koeniger, Nikolaus and Rinderer, Thomas E},
title = {{Overwintering of Africanized, European, and hybrid honey bees in Germany}},
journal = {Environmental Entomology},
year = {1991},
volume = {20},
number = {1},
pages = {39--43},
month = feb
}

@article{Wallberg:2014ha,
author = {Wallberg, Andreas and Han, Fan and Wellhagen, Gustaf and Dahle, Bj{\o}rn and Kawata, Masakado and Haddad, Nizar and Sim{\~o}es, Zil{\'a} Luz Paulino and Allsopp, Mike H and Kandemir, Irfan and De la R{\'u}a, Pilar and Pirk, Christian W and Webster, Matthew T},
title = {{A worldwide survey of genome sequence variation provides insight into the evolutionary history of the honeybee \emph{Apis mellifera}}},
journal = {Nature Genetics},
year = {2014},
volume = {46},
number = {10},
pages = {1081--1088},
month = aug
}

@article{Wallberg:2019fd,
author = {Wallberg, Andreas and Bunikis, Ignas and Pettersson, Olga Vinnere and Mosbech, Mai-Britt and Childers, Anna K and Evans, Jay D and Mikheyev, Alexander S and Robertson, Hugh M and Robinson, Gene E and Webster, Matthew T},
title = {{A hybrid de novo genome assembly of the honeybee, \emph{Apis mellifera}, with chromosome-length scaffolds}},
journal = {BMC Genomics},
year = {2019},
volume = {20},
number = {1},
pages = {275},
month = dec
}

@article{Wallberg:2015jr,
author = {Wallberg, Andreas and Gl{\'e}min, Sylvain and Webster, Matthew T},
title = {{Extreme recombination frequencies shape genome variation and evolution in the honeybee, \emph{Apis mellifera}}},
journal = {PLoS Genetics},
year = {2015},
volume = {11},
number = {4},
pages = {e1005189},
month = apr
}

@article{Wang:2019ge,
author = {Wang, Silu and Rohwer, Sievert and Delmore, Kira and Irwin, Darren E},
title = {{Cross-decades stability of an avian hybrid zone}},
journal = {Journal of Evolutionary Biology},
year = {2019},
volume = {32},
number = {11},
pages = {1242--1251},
month = nov
}

@article{Whitfield:2006eb,
author = {Whitfield, Charles W and Behura, Susanta K and Berlocher, Stewart H and Clark, Andrew G and Johnston, J Spencer and Sheppard, Walter S and Smith, Deborah R and Suarez, Andrew V and Weaver, Daniel and Tsutsui, Neil D},
title = {{Thrice out of Africa: ancient and recent expansions of the honey bee, \emph{Apis mellifera}}},
journal = {Science},
year = {2006},
volume = {314},
number = {5799},
pages = {642--645},
month = oct
}

@article{WINSTON:1992vm,
author = {Winston, M L},
title = {{The biology and management of Africanized honey bees}},
journal = {Annual Review of Entomology},
year = {1992},
volume = {37},
pages = {173--193}
}

@book{Winston:1992td,
author = {Winston, M L},
title = {{Killer bees. The Africanized honey bee in the Americas.}},
publisher = {Harvard University Press},
year = {1992},
address = {Cambridge, MA}
}

@article{Woyke:1973tb,
author = {Woyke, J},
title = {{Experiences with Apis mellifera adansonii in Brazil and in Poland}},
journal = {Apiacta},
year = {1973}
}

@article{Yeaman:2011jv,
author = {Yeaman, Sam and Whitlock, Michael C},
title = {{The genetic architecture of adaptation under migration-selection balance}},
journal = {Evolution},
year = {2011},
volume = {65},
number = {7},
pages = {1897--1911},
month = mar
}

@article{Zayed:2008gj,
author = {Zayed, Amro and Whitfield, Charles W},
title = {{A genome-wide signature of positive selection in ancient and recent invasive expansions of the honey bee \emph{Apis mellifera}}},
journal = {Proceedings of the National Academy of Sciences USA},
year = {2008},
volume = {105},
number = {9},
pages = {3421--3426},
month = mar
}

@article{world_map,
author = {Richard Becker and Allan Wilks},
title = {{Constructing a Geographical Database}},
journal = {AT\&T Bell Laboratories Statistics Research Report},
year = {1995},
volume = {95.2}
}

% definition biological invasion
@article{Levine:2008bs,
author = {Levine, Jonathan M},
title = {{Biological invasions.}},
journal = {Current biology : CB},
year = {2008},
volume = {18},
number = {2},
pages = {R57--60},
month = jan
}
% describes global invasions by honey bees. determines in most cases doesn't meet 'negative impact' criteria for being labelled an 'invasive species. impact on native flora/fauna still unclear, e.g. no known extinctions (though seems like a high bar)
@article{Moritz:2016bz,
author = {Moritz, Robin F A and H{\"a}rtel, Stephan and Neumann, Peter},
title = {{Global invasions of the western honeybee (Apis mellifera) and the consequences for biodiversity}},
journal = {{\'E}coscience},
year = {2016},
volume = {12},
number = {3},
pages = {289--301},
month = mar
}




@Manual{R:2019,
    title = {R: A Language and Environment for Statistical Computing},
    author = {{R Core Team}},
    organization = {R Foundation for Statistical Computing},
    address = {Vienna, Austria},
    year = {2019},
    url = {https://www.R-project.org/},
}
@article{Li:2009ka,
author = {Li, Heng and Handsaker, Bob and Wysoker, Alec and Fennell, Tim and Ruan, Jue and Homer, Nils and Marth, Gabor and Abecasis, Goncalo and Durbin, Richard and {1000 Genome Project Data Processing Subgroup}},
title = {{The Sequence Alignment/Map format and SAMtools.}},
journal = {Bioinformatics (Oxford, England)},
year = {2009},
volume = {25},
number = {16},
pages = {2078--2079},
month = aug
}
@Article{wickham:2019tidy,
     title = {Welcome to the {tidyverse}},
     author = {Hadley Wickham and Mara Averick and Jennifer Bryan and Winston Chang and Lucy D'Agostino McGowan and Romain François and Garrett Grolemund and Alex Hayes and Lionel Henry and Jim Hester and Max Kuhn and Thomas Lin Pedersen and Evan Miller and Stephan Milton Bache and Kirill Müller and Jeroen Ooms and David Robinson and Dana Paige Seidel and Vitalie Spinu and Kohske Takahashi and Davis Vaughan and Claus Wilke and Kara Woo and Hiroaki Yutani},
     year = {2019},
     journal = {Journal of Open Source Software},
     volume = {4},
     number = {43},
     pages = {1686},
     doi = {10.21105/joss.01686}
}

@book{tange:2018parallel,
      author       = {Tange, Ole},
      title        = {GNU Parallel 2018},
      publisher    = {Ole Tange},
      year         = 2018,
      month        = apr,
      doi          = {10.5281/zenodo.1146014},
      url          = {https://doi.org/10.5281/zenodo.1146014}
}
@article{Benjamini:1995FDR,
author = {{Benjamini, Yoav} and {Hochberg, Yosef}},
title = {{Controlling the false discovery rate: a practical and powerful approach to multiple testing}},
journal = {Journal of the Royal Statistical Society},
year = {1995},
volume = {57},
number = {1},
pages = {289--300}
}


@article{Quinlan:2010bedtools,
author = {Quinlan, Aaron R and Hall, Ira M},
title = {{BEDTools: a flexible suite of utilities for comparing genomic features.}},
journal = {Bioinformatics (Oxford, England)},
year = {2010},
volume = {26},
number = {6},
pages = {841--842},
month = mar
}

@Manual{nls.multstart:R,
    title = {nls.multstart: Robust Non-Linear Regression using AIC Scores},
    author = {Daniel Padfield and Granville Matheson},
    year = {2018},
    note = {R package version 1.0.0},
    url = {https://CRAN.R-project.org/package=nls.multstart},
}
  
@Manual{poibin:R,
    title = {poibin: The Poisson Binomial Distribution},
    author = {Yili Hong},
    year = {2019},
    note = {R package version 1.4},
    url = {https://CRAN.R-project.org/package=poibin},
}
@Book{MASS::mvnsims,
    title = {Modern Applied Statistics with S},
    author = {W. N. Venables and B. D. Ripley},
    publisher = {Springer},
    edition = {Fourth},
    address = {New York},
    year = {2002},
    note = {ISBN 0-387-95457-0},
    url = {http://www.stats.ox.ac.uk/pub/MASS4},
}
@Manual{geosphere:R,
    title = {geosphere: Spherical Trigonometry},
    author = {Robert J. Hijmans},
    year = {2019},
    note = {R package version 1.5-10},
    url = {https://CRAN.R-project.org/package=geosphere},
  }
  